@article{violajones,
  title={Robust Real-time Object Detection},
  author={Viola, P. and Jones, M.},
  year={2001},
}

@article{taylor2010improved,
  title={Improved 3D Model Search for Facial Feature Location and Pose Estimation in 2D images},
  author={Taylor, C. and Cootes, T.},
  year={2010},
}

@article{shafi2010face,
  title={Face pose estimation from eyes and mouth},
  author={Shafi, M. and Chung, PWH},
  year={2010},
}

@article{Kalal2009,
author = {Kalal, Z and Matas, J and Mikolajczyk, K},
title = {{Online learning of robust object detectors during unstable tracking}},
year = {2009}
}

@article{Kapoor2001 ,
author = {Kapoor, A and Picard, W},
title = {{A Real-Time Head Nod and Shake Detector}},
year = {2001}
}

@article{ orc13,
author = {Cardwell, O and Green, R},
title = {{Face Tracking for use in View Perspective Correction}},
year = {2010}
}

@article{iko15 ,
author = {Korsika, L and Green, R},
title = {{Enhanced Depth Perception through Head Tracking}},
year = {2010}
}

@article{gbfi ,
author = {Miulescu, A and Green, R},
title = {{Tracking Multiple Faces}},
year = {2010}
}

@article{ BKWGP,
author = { Breitenstein, M and Kuettel, D and Weise, T and Gool, L and Pfiste, H},
title  = {{Real-Time Face Pose Estimation from Single Range Images}},
year   = {2008}
}

@article{ TM,
author = {Trivedi, M and Murphy-Chutorian, E},
title  = {{Head Pose Estimation in Computer Vision: A Survey}},
year   = {2008}
}


@article{flory2010surface,
title  = {{Surface fitting and registration of point clouds using approximations of the unsigned distance function}},
author = {Flory, S. and Hofer, M.},
year   = {2010},
}

@article{ JY,
author = {Ji, Q and Yang, X},
title  = {{ Real-Time Eye, Gaze, and Face Pose Tracking for Monitoring Driver Vigilance}},
year   = {2002}
}


@article{xiong2010face,
  title={Face pose estimation based on 3 D face reconstruction},
  author={Xiong, L.L. and Wang, G.Y. and Gong, X.},
  year={2010},
}

@article{ PB,
author = {Poole and Ball, L},
title  = {{Eye Tracking in Human-Computer Interaction and Usability Research: Current Status and Future Prospects}},
year   = {2004}
}

@article{ OM,
author = {Ohno, T and Mukawa, N},
title  = {{ A Free-head, Simple Calibration, Gaze Tracking System That Enables Gaze-Based Interaction}},
year   = {2004}
}

@article{ BP,
author = {Baluja, S and Pomerleau, D},
title  = {{Non-intrusive gaze tracking using artificial neural networks}},
year   = {1994}
}

@article{ HZ,
author = {Heinzmann, J and Zelinsky, A},
title  = {{3-D Facial Pose and Gaze Point Estimation using a Robust Real-Time Tracking Paradigm}},
year   = {1998}
}

@article{ NS,
author = {Nickel, K and Stiefelhagen, R},
title  = {{Pointing Gesture Recognition based on 3DTracking of Face, Hands and Head Orientation}},
year   = {2003}
}


@article{ HYD,
author = {Horsprasert, T, and Yacoob, Y and Davis, L},
title  = {{Computing 3-D head orientation from a monocular image sequence}},
year   = {2001}
}

@article{ HH,
author = {Heiko Hirschmuller},
title  = {{Improvements in Real-Time Correlation-Based Stereo Vision}},
year   = {2001}
}

@article{ JH,
author = {Ji, Q and Hu, R},
title  = {{3D Face Pose Estimation and Tracking from a Monocular Camera}},
year   = {2001}
}


@article{ STARBURST,
author = {Li, D and Winfield, D and Parkhurst D},
title  = {{Starburst: A hybrid algorithm for video-based eye tracking combining feature-based and model-based approaches}},
year   = {2005}
}

@article{chiu2011face,
  title={A Face Replacement System Based on Face Pose Estimation},
  author={Chiu, K.Y. and Chien, S.C. and Lin, S.F.},
  year={2011}
}

@inproceedings{van2010head,
  title={Head pose estimation for real-time low-resolution video},
  author={van der Pol, D. and Cuijpers, R.H. and Juola, J.F.},
  year={2010},
}

@article{vision,
  title={Why We See What We Do: An Empirical Theory of Vision},
  author={Purves D, and Lotto B},
  year={2003}
}

@article{scharstein2003high,
  title={High-accuracy stereo depth maps using structured light},
  author={Scharstein, D. and Szeliski, R.},
  year={2003},
}

@article{breitenstein2009head,
  title={Head Pose Estimation from Passive Stereo Images},
  author={Breitenstein, M. and Jensen, J. and H{\o}ilund, C. and Moeslund, T. and Van Gool, L.},
  year={2009},
}

@article{ransac,
  title={Random Sample Consensus: A Paradigm for Model Fitting with Applications to Image Analysis and Automated Cartography},
  author={Fischler, M and Bolles, R},
  year={1981},
}

@MISC{triclops,
      AUTHOR = "Point Grey Research",
      TITLE = "Triclops SDK",
      MONTH = "May",
      YEAR = 2011,
      HOWPUBLISHED = "\url{http://www.ptgrey.com/products/triclopsSDK/index.asp}"
}

@MISC{Walker98,
    author = {Robert J. Walker and Gail C. Murphy and Bjorn Freeman-benson and Darin Wright and Darin Swanson and Jeremy Isaak},
    title = {Visualizing Dynamic Software System Information through High-level Models},
    year = {1998}
}

@inproceedings{walker2000,
  title={Efficient mapping of software system traces to architectural views},
  author={Walker, R.J. and Murphy, G.C. and Steinbok, J. and Robillard, M.P.},
  booktitle={Proceedings of the 2000 conference of the Centre for Advanced Studies on Collaborative research},
  pages={12},
  year={2000},
  organization={IBM Press}
}

@inproceedings{dunser06,
  title={Virtual and augmented reality as spatial ability training tools},
  author={D{\"u}nser, A. and Steinb{\"u}gl, K. and Kaufmann, H. and Gl{\"u}ck, J.},
  booktitle={Proceedings of the 7th ACM SIGCHI New Zealand chapter's international conference on Computer-human interaction: design centered HCI},
  pages={125--132},
  year={2006},
  organization={ACM}
}

@article{dunser08,
  title={Supporting low ability readers with interactive augmented reality},
  author={D{\"u}nser, A.},
  journal={Annual Review of CyberTherapy and Telemedicine},
  pages={39},
  year={2008}
}

@article{field99,
  title={A course in spatial visualisation},
  author={Field, B.W.},
  journal={Journal for Geometry and Graphics},
  volume={3},
  number={2},
  pages={201--209},
  year={1999}
}

@article{oman00,
  title={Three dimensional spatial memory and learning in real and virtual environments},
  author={Oman, C.M. and Shebilske, W.L. and Richards, J.T. and Tubr{\'e}, T.C. and Beall, A.C. and Natapoff, A.},
  journal={Spatial Cognition and Computation},
  volume={2},
  number={4},
  pages={355--372},
  year={2000},
  publisher={Springer}
}

@article{passig01,
  title={Virtual reality as a tool for improving spatial rotation among deaf and hard-of-hearing children},
  author={Passig, D. and Eden, S.},
  journal={CyberPsychology \& Behavior},
  volume={4},
  number={6},
  pages={681--686},
  year={2001},
  publisher={Mary Ann Liebert, Inc.}
}

@article{s03,
  title={Spatial understanding in immersive virtual environments},
  author={Schnabel, M.A. and Kvan, T.},
  journal={International Journal of Architectural Computing},
  volume={1},
  number={4},
  pages={435--448},
  year={2003},
  publisher={Multi-Science}
}

@article{clark09,
  title={OPIRA: The Optical-flow Perspective Invariant Registration Augmentation and other improvements for Natural Feature Registration},
  author={Clark, A.J.},
  year={2009},
  publisher={University of Canterbury. Computer Science and Software Engineering}
}

@article{KATO,
author="KATO  H.",
title="Artoolkit",
journal="http://www.hitl.washington.edu/artoolkit/",
ISSN="",
publisher="",
year="",
volume="",
number="",
pages="",
URL="http://ci.nii.ac.jp/naid/10019957376/en/",
DOI="",
}

@article {SCE,
author = {Wu, Hsin-Kai and Shah, Priti},
title = {Exploring visuospatial thinking in chemistry learning},
journal = {Science Education},
volume = {88},
number = {3},
publisher = {Wiley Subscription Services, Inc., A Wiley Company},
issn = {1098-237X},
url = {http://dx.doi.org/10.1002/sce.10126},
doi = {10.1002/sce.10126},
pages = {465--492},
year = {2004},
}

@article{Marina09,
  title={Digital Game-Based Learning in high school Computer Science education: Impact on educational effectiveness and student motivation},
  author={Papastergiou, M.},
  journal={Computers \& Education},
  volume={52},
  number={1},
  pages={1--12},
  year={2009},
  publisher={Elsevier}
}

@article{Boster06,
  title={Some Effects of Video Streaming on Educational Achievement1},
  volume={55},
  url={http://www.informaworld.com/openurl?genre=article\&doi=10.1080/03634520500343392\&magic=crossref}, 
  number={1},
  journal={Communication Education},
  author={Boster, Franklin J and Meyer, Gary S and Roberto, Anthony J and Inge, Carol and Strom, Renee},   
  year={2006},
  pages={46--62}
}

@inproceedings{chasteen09,
  title={A research-based approach to assessing student learning issues in upper-division electricity \& magnetism},
  author={Chasteen, S.V. and Pollock, S.J.},
  booktitle={2009 Physics Education Research Conference Proceedings, edited by M. Sabella, C. Henderson, and C. Singh (AIP Press, Melville, NY, 2009)},
  pages={7--10}
}